<record><leader>00000cas a22000007a 4500</leader><controlfield tag="001">15348750</controlfield><controlfield tag="008">870320d1927192utxuwr ne      0    0eng d</controlfield><datafield ind1=" " ind2=" " tag="010"><subfield code="a">sn 87090045 </subfield></datafield><datafield ind1=" " ind2=" " tag="040"><subfield code="a">PPM</subfield><subfield code="b">eng</subfield><subfield code="c">PPM</subfield><subfield code="d">OCLCQ</subfield></datafield><datafield ind1=" " ind2=" " tag="042"><subfield code="a">msc</subfield></datafield><datafield ind1="0" ind2="4" tag="245"><subfield code="a">The Pyote signal.</subfield></datafield><datafield ind1=" " ind2=" " tag="260"><subfield code="a">Pyote, Tex. :</subfield><subfield code="b">R.H. Blackstone</subfield></datafield><datafield ind1=" " ind2=" " tag="310"><subfield code="a">Weekly</subfield></datafield><datafield ind1="0" ind2=" " tag="362"><subfield code="a">Vol. 1, no. 1 (Apr. 16, 1927)-</subfield></datafield><datafield ind1=" " ind2=" " tag="752"><subfield code="a">United States</subfield><subfield code="b">Texas</subfield><subfield code="c">Ward</subfield><subfield code="d">Pyote.</subfield></datafield><datafield ind1="0" ind2="7" tag="785"><subfield code="t">Ward County news</subfield><subfield code="w">(DLC)sn 86088116</subfield></datafield><datafield ind1="0" ind2="7" tag="785"><subfield code="t">Pyote signal and Ward County news</subfield><subfield code="w">(DLC)sn 86089980</subfield></datafield></record>